%% This BibTeX bibliography file was created using BibDesk.
%% http://bibdesk.sourceforge.net/


%% Created for Laurent at 2014-07-01 15:11:15 +0200 


%% Saved with string encoding Unicode (UTF-8) 
@book{niederreiter,
	Author = {H. Niederreiter},
	Title = {Random Number Generation and Quasi-Monte Carlo Methods},
	Publisher = {CBMS-NSF Regional Conference Series in Applied Math.},
	Volume = {63},
	Year = {1992},
	Edition = {SIAM,Philadelphia, PA},
	}


@article{star,
    Author = {W. J. Morokoff and R. E. Caflisch},
	title = {Quasi-random sequences and their discrepancies},
	Journal = {SIAM J. Sci. Comput.},
	Year = {1994},
	Volume = {15},
	Number={16},
	Pages = {1251–1279},
	}


@article{hoeffding,
    Author = {W.F. Hoeffding},
	title = {A class of statistics with asymptotically normal distributions},
	Journal = {Annals of Mathematical Statistics},
	Year = {1948},
	Volume = {19},
	Number={3},
	Pages = {293-325},
	}
	
@article{tissot,
	Author = {J. Y. Tissot and C. Prieur},
	Title = {A randomized orthogonal array-based procedure for the estimation of first- and second-order Sobol' indices},
	Journal = {J. Statist. Comput. Simulation},
	Year = {2014},
	Volume = {85},
	Pages = {1358-1381},
	doi = {10.1080/00949655.2014.971799},
	}


@article{sobol,
	Author = {I. M. Sobol'},
	Title = {Sensitivity indices for nonlinear mathematical models},
	Journal = {Mathematical Modeling and Computational Experiment},
	Year = {1993},
	Volume = {1},
	Pages = {407-414},
	}

@article{janon,
	Author = {A. Janon and T. Klein and A. Lagnoux and M. Nodet and C. Prieur},
	Title = {Asymptotic normality and efficiency of two Sobol' index estimators},
	Journal = {ESAIM Probab. Stat.},
	Year = {2014},
	Volume = {18},
	Pages = {342-364},
	doi = {10.1051/ps/2013040}, 
	}


@article{mara,
	Author = {T. A. Mara and O. R. Joseph},
	Title = {Comparison of some efficient methods to evaluate the main effect of computer model factors},
	Journal = {Journal of Statistical Computation and Simulation},
	Year = {2008},
	Volume = {78},
	Number={2},
	Pages = {167-178},
	doi = {10.1080/10629360600964454},
	}

@inbook{monod,
	Author = {H. Monod and C. Naud and D. Makowski},
	Title = {Uncertainty and sensitivity analysis for crop models},
	Publisher = {Elsevier},
	Year = {2006},
	Chapter = {3},
	Pages = {55-100},
	}

@article{mckay,
	Author = {M. D. McKay and W. J. Conover and R. J. Beckman},
	Title = {A comparison of three methods for selecting values of input variables in the analysis of output from a computer code},
	Journal = {Technometrics},
	Year = {1979},
	Volume = {21},
	Pages = {239–-245},
	doi = {10.2307/1271432},
	}

@article{owen,
	Author = {A. B. Owen},
	Title = {Better estimation of small sobol' sensitivity indices},
	Journal = {ACM Trans. Model. Comput. Simul.},
	Year = {2013},
	Volume = {23},
	Number={2},
	doi = {10.1145/2457459.2457460},
	}
	
@inbook{owen.scrambl,
	Author = {A. B. Owen},
	Title = {Randomly permuted (t,m,s)-nets and (t,s)-sequences},
	Publisher = {Springer-Verlag},
	Year = {1995},
	Volume = {106},
	Pages = {351-368},
	}
	
@article{sobolseq,
	Author = {I.M Sobol'},
	Title = {On the distribution of points in a cube and the approximate evaluation of integrals},
	Journal = {USSR Computational Mathematics and Mathematical Physics},
	Year = {1967},
	Volume = {7},
	Number={4},
	Pages = {86-112},
	doi = {10.1016/0041-5553(67)90144-9},
	}
	
@article{kuo,
	Author = {S. Joe and F. Y. Kuo},
	Title = {Remark on Algorithm 659: Implementing Sobol's quasirandom sequence generator},
	Journal = {ACM Trans. Math. Softw.},
	Year = {2003},
	Volume = {29},
	Number = {1},
	Pages = {49-57},	
	doi = {10.1145/641876.641879},
	}
	
@article{kuo2,
	Author = {S. Joe and F. Y. Kuo},
	Title = {Constructing Sobol Sequences with Better Two-Dimensional Projections},
	Journal = {SIAM J. Sci. Comput.},
	Year = {2008},
	Volume = {30},
	Number = {5},
	Pages = {2635–2654},	
	doi = {10.1137/070709359},
	}
	
@article{tezuka,
	Author = {S. Tezuka and H. Faure},
	Title = {I-binomial scrambling of digital nets and sequences},
	Journal = {J. Complexity},
	Year = {2003},
	Volume = {19},
	Number = {6},
	Pages = {744-757},	
	doi = {10.1016/S0885-064X(03)00035-9},
	}

